@InCollection{web3d2005open,
	title={Open standards for real-time 3D communication},
	author={Web3D Consortium and others},
	year={2005}
	
}

@inproceedings{buriol2007modelagem,
	title={Modelagem em VRML para Visualiza{\c{c}}{\~a}o Cient{\'\i}fica Utilizando o Visualization ToolKit},
	author={Buriol, Tiago M and Neto, Marco AS and Scheer, S{\'e}rgio and Godoi, Walmor C},
	booktitle={IX Symposium on Virtual and Augmented Reality (SVR)},
	year={2007}
}